@book{corbet2005linux,
  title={{Linux device drivers (Third Edition)}},
  author={Corbet, Jonathan and Rubini, Alessandro and Kroah-Hartman, Greg},
  year={2005},
  publisher={O'Reilly}
}

@book{kernighan1988c,
  title={{The C programming language}},
  author={Kernighan, Brian W and Ritchie, Dennis M and Ejeklint, Per},
  volume={2},
  year={1988},
  publisher={prentice-Hall Englewood Cliffs}
}

@misc{yavatkar2012era,
  title={{Era of SoCs}},
  author={Raj Yavatkar},
  howpublished={{Presentation at the Intel Workshop on Device Driver Reliability, Modelling and Synthesis}},
  year={2012}
}

@inproceedings{chou2001empirical,
  author = {Chou, Andy and Yang, Junfeng and Chelf, Benjamin and Hallem, Seth and Engler, Dawson},
  title = {{An empirical study of operating systems errors}},
  booktitle = {{Proceedings of the eighteenth ACM Symposium on Operating Systems Principles}},
  series = {SOSP '01},
  year = {2001},
  pages = {73--88},
  organization = {ACM},
}

@inproceedings{Swift2003windowsxp,
  author = {Swift, Michael M. and Bershad, Brian N. and Levy, Henry M.},
  title = {{Improving the reliability of commodity operating systems}},
  booktitle = {{Proceedings of the nineteenth ACM Symposium on Operating Systems Principles}},
  series = {SOSP '03},
  year = {2003},
  pages = {207--222},
  organization = {ACM}
} 

@inproceedings{ryzhyk2009dingo,
  title={{Dingo: Taming device drivers}},
  author={Ryzhyk, Leonid and Chubb, Peter and Kuz, Ihor and Heiser, Gernot},
  booktitle={{Proceedings of the 4th ACM European conference on Computer systems}},
  pages={275--288},
  year={2009},
  organization={ACM}
}

@article{lamport1978time,
  title={{Time, clocks, and the ordering of events in a distributed system}},
  author={Lamport, Leslie},
  journal={{Communications of the ACM}},
  volume={21},
  number={7},
  pages={558--565},
  year={1978},
  publisher={ACM}
}

@article{savage1997eraser,
  title={{Eraser: A dynamic data race detector for multithreaded programs}},
  author={Savage, Stefan and Burrows, Michael and Nelson, Greg and Sobalvarro, Patrick and Anderson, Thomas},
  journal={{ACM Transactions on Computer Systems}},
  volume={15},
  number={4},
  pages={391--411},
  year={1997},
  publisher={ACM}
}

@techreport{detlefs1998extended,
  title={{Extended static checking}},
  author={Detlefs, David L and Leino, K Rustan M and Nelson, Greg and Saxe, James B},
  year={1998},
  institution={{Research Report 159, Compaq Systems Research Center}}
}

@inproceedings{musuvathi2008finding,
  title={{Finding and reproducing heisenbugs in concurrent programs}},
  author={Musuvathi, Madanlal and Qadeer, Shaz and Ball, Thomas and Basler, Gerard and Nainar, Piramanayagam Arumuga and Neamtiu, Iulian},
  booktitle={{Proceedings of the 8th USENIX Symposium on Operating Systems Design and Implementation}},
  pages={267--280},
  year={2008},
  organization={USENIX}
}

@inproceedings{flanagan2009fasttrack,
  title={{FastTrack: Efficient and precise dynamic race detection}},
  author={Flanagan, Cormac and Freund, Stephen N},
  booktitle={{Proceedings of the 2009 ACM SIGPLAN Conference on Programming Language Design and Implementation}},
  series = {PLDI '09},
  pages={121--133},
  year={2009},
  publisher={ACM}
}

@misc{corbet2004sparse,
  title={{Finding kernel problems automatically}},
  author={Corbet, Jonathan},
  howpublished={\url{https://lwn.net/Articles/87538/}},
  year={2004}
}

@misc{corbet2006lock,
  title={{The kernel lock validator}},
  author={Corbet, Jonathan},
  howpublished={\url{https://lwn.net/Articles/185666/}},
  year={2006}
}

@inproceedings{padioleau2008doc,
  author = {Padioleau, Yoann and Lawall, Julia and Hansen, Ren{\'e} Rydhof and Muller, Gilles},
  title = {{Documenting and automating collateral evolutions in Linux device drivers}},
  booktitle = {{Proceedings of the 3rd ACM SIGOPS/EuroSys European Conference on Computer Systems}},
  series = {Eurosys '08},
  year = {2008},
  pages = {247--260},
  organization = {ACM}
} 

@article{ball2006thorough,
  title={{Thorough static analysis of device drivers}},
  author={Ball, Thomas and Bounimova, Ella and Cook, Byron and Levin, Vladimir and Lichtenberg, Jakob and McGarvey, Con and Ondrusek, Bohus and Rajamani, Sriram K and Ustuner, Abdullah},
  journal={{ACM SIGOPS Operating Systems Review}},
  volume={40},
  number={4},
  pages={73--85},
  year={2006},
  publisher={ACM}
}

@article{clarke2004predicate,
  title={{Predicate abstraction of ANSI-C programs using SAT}},
  author={Clarke, Edmund and Kroening, Daniel and Sharygina, Natasha and Yorav, Karen},
  journal={{Formal Methods in System Design}},
  volume={25},
  number={2-3},
  pages={105--127},
  year={2004},
  publisher={Springer}
}

@inproceedings{engler2000checking,
  title={{Checking system rules using system-specific, programmer-written compiler extensions}},
  author={Engler, Dawson and Chelf, Benjamin and Chou, Andy and Hallem, Seth},
  booktitle={{Proceedings of the 4th USENIX Symposium on Operating System Design and Implementation}},
  year={2000},
  organization={USENIX}
}

@inproceedings{henzinger2002temporal,
  title={{Temporal-safety proofs for systems code}},
  author={Henzinger, Thomas A and Necula, George C and Jhala, Ranjit and Sutre, Gregoire and Majumdar, Rupak and Weimer, Westley},
  booktitle={{Computer Aided Verification}},
  pages={526--538},
  year={2002},
  organization={Springer}
}

@article{cook2006termination,
  title={{Termination proofs for systems code}},
  author={Cook, Byron and Podelski, Andreas and Rybalchenko, Andrey},
  journal={{ACM SIGPLAN Notices}},
  volume={41},
  number={6},
  pages={415--426},
  year={2006},
  organization={ACM}
}

@inproceedings{pratikakis2006locksmith,
  author = {Pratikakis, Polyvios and Foster, Jeffrey S. and Hicks, Michael},
  title = {{LOCKSMITH: Context-sensitive correlation analysis for race detection}},
  booktitle = {{Proceedings of the 2006 ACM SIGPLAN Conference on Programming Language Design and Implementation}},
  series = {PLDI '06},
  year = {2006},
  pages = {320--331},
  organization = {ACM}
}

@inproceedings{kuznetsov2010testing,
  title={{Testing closed-source binary device drivers with DDT}},
  author={Kuznetsov, Volodymyr and Chipounov, Vitaly and Candea, George},
  booktitle={{Proceedings of the 2010 USENIX Annual Technical Conference}},
  year={2010},
  organization={USENIX}
}

@inproceedings{renzelmann2012symdrive,
  title={{SymDrive: Testing drivers without devices}},
  author={Renzelmann, Matthew J and Kadav, Asim and Swift, Michael M},
  booktitle={{Proceedings of the 10th USENIX Symposium on Operating Systems Design and Implementation}},
  year={2012},
  organization={USENIX}
}

@inproceedings{lal2012corral,
 author = {Lal, Akash and Qadeer, Shaz and Lahiri, Shuvendu K.},
 title = {{A solver for reachability modulo theories}},
 booktitle = {{Proceedings of the 24th International Conference on Computer Aided Verification}},
 series = {CAV'12},
 year = {2012},
 pages = {427--443},
 numpages = {17},
 organization = {Springer}
}

@article{sutter2005software,
  title={{Software and the concurrency revolution}},
  author={Sutter, Herb and Larus, James},
  journal={{Queue}},
  volume={3},
  number={7},
  pages={54--62},
  year={2005},
  publisher={ACM}
}

@inproceedings{qadeer2004kiss,
 author = {Qadeer, Shaz and Wu, Dinghao},
 title = {{KISS: Keep it simple and sequential}},
 booktitle = {Proceedings of the ACM SIGPLAN 2004 Conference on Programming Language Design and Implementation},
 series = {PLDI '04},
 year = {2004},
 pages = {14--24},
 numpages = {11},
 organization = {ACM}
} 

@inproceedings{pozniansky2003efficient,
  author = {Pozniansky, Eli and Schuster, Assaf},
  title = {{Efficient on-the-fly data race detection in multithreaded C++ programs}},
  booktitle = {{Proceedings of the 9th ACM SIGPLAN Symposium on Principles and Practice of Parallel Programming}},
  series = {PPoPP '03},
  year = {2003},
  pages = {179--190},
  organization = {ACM}
}

@inproceedings{elmas2007goldilocks,
  author = {Elmas, Tayfun and Qadeer, Shaz and Tasiran, Serdar},
  title = {{Goldilocks: A race and transaction-aware Java runtime}},
  booktitle = {{Proceedings of the 2007 ACM SIGPLAN Conference on Programming Language Design and Implementation}},
  series = {PLDI '07},
  year = {2007},
  pages = {245--255},
  organization = {ACM}
} 

@inproceedings{o2003hybrid,
  title={{Hybrid dynamic data race detection}},
  author={O'Callahan, Robert and Choi, Jong-Deok},
  booktitle={{Proceedings of the 9th ACM SIGPLAN Symposium on Principles and Practice of Parallel Programming}},
  series={PPoPP '03},
  pages={167--178},
  year={2003},
  organization={ACM}
}

@inproceedings{lattner2004llvm,
  title={{LLVM: A compilation framework for lifelong program analysis \& transformation}},
  author={Lattner, Chris and Adve, Vikram},
  booktitle={{International Symposium on Code Generation and Optimization}},
  pages={75--86},
  year={2004},
  organization={IEEE}
}

@inproceedings{barnett2006boogie,
  title={{Boogie: A modular reusable verifier for object-oriented programs}},
  author={Barnett, Mike and Chang, Bor-Yuh Evan and DeLine, Robert and Jacobs, Bart and Leino, K Rustan M},
  booktitle={{Formal methods for Components and Objects}},
  pages={364--387},
  year={2006},
  organization={Springer}
}

@inproceedings{rakamaric2008automatic,
  title={{Automatic inference of frame axioms using static analysis}},
  author={Rakamaric, Zvonimir and Hu, Alan J},
  booktitle={{Proceedings of the 23rd IEEE/ACM International Conference on Automated Software Engineering}},
  pages={89--98},
  year={2008},
  organization={IEEE}
}

@article{barnett2005weakest,
  title={{Weakest-precondition of unstructured programs}},
  author={Barnett, Mike and Leino, K Rustan M},
  journal={{ACM SIGSOFT Software Engineering Notes}},
  volume={31},
  number={1},
  pages={82--87},
  year={2005},
  organization={ACM}
}

@inproceedings{sterling1993warlock,
  title={{WARLOCK - A static data race analysis tool}},
  author={Sterling, Nicholas},
  booktitle={{Proceedings of the 1993 Winter USENIX Conference}},
  pages={97--106},
  year={1993},
  organization={USENIX}
}

@misc{oracle2010locklint,
  title={{Analyzing program performance with Sun WorkShop, Chapter 5: Lock analysis tool}},
  author={{Oracle Corporation}},
  howpublished={\url{http://docs.oracle.com/cd/E19059-01/wrkshp50/805-4947/6j4m8jrnd/index.html}},
  year={2010}
}

@inproceedings{necula2002cil,
  author = {Necula, George C. and McPeak, Scott and Rahul, Shree Prakash and Weimer, Westley},
  title = {{CIL: Intermediate language and tools for analysis and transformation of C programs}},
  booktitle = {{Proceedings of the 11th International Conference on Compiler Construction}},
  series = {CC '02},
  year = {2002},
  pages = {213--228},
  organization = {Springer},
}

@inproceedings{voung2007relay,
 author = {Voung, Jan Wen and Jhala, Ranjit and Lerner, Sorin},
 title = {{RELAY: Static race detection on millions of lines of code}},
 booktitle = {Proceedings of the the 6th Joint Meeting of the European Software Engineering Conference and the ACM SIGSOFT Symposium on The Foundations of Software Engineering},
 year = {2007},
 pages = {205--214},
 numpages = {10},
 organization = {ACM}
} 
